1808 3314
795 173 1069 217 „20—

340 303 412 348 Tu
452 301 634 349 devicto
678 304 838 348 mortis
875 301 1038 349 aculeo

339 389 576 450 Aperuisti
614 387 908 435 credentibus

339 475 506 536 Regna
543 474 791 521 coelorum.

340 591 412 636 Tu
451 590 511 637 ad
549 590 787 636 dexteram
824 588 915 634 Dei
953 588 1086 635 sedes

341 676 394 722 In
422 676 569 738 gloria
598 677 764 736 patris3

340 761 498 809 Judex
536 761 737 809 crederis
775 774 877 807 esse
914 766 1151 808 venturus.

343 879 412 925 Te
452 892 559 940 ergo
600 890 909 938 quaesumus:

343 965 457 1011 Tuis
493 963 677 1012 famulis
714 963 926 1020 subveni,

345 1052 474 1112 Quos
510 1052 712 1111 pretioso
752 1049 977 1110 sanguine
1015 1048 1261 1094 redemisti.

345 1180 552 1227 Aeterna
588 1180 661 1227 fae
701 1194 808 1226 cum
845 1180 1015 1226 sanctis
1053 1179 1142 1223 tuis

348 1266 511 1314 Gloria
545 1268 790 1313 munerari.

345 1383 541 1430 Salvum
577 1383 650 1430 fac
686 1381 913 1443 populum
950 1387 1095 1441 tuum,
1135 1381 1332 1440 domine,

346 1470 408 1516 Et
443 1469 640 1518 benedic
676 1468 950 1515 haereditati
987 1474 1111 1527 tuae,

349 1557 409 1603 Et
445 1570 554 1617 rege
594 1570 673 1603 eos
712 1560 757 1602 et
795 1554 964 1601 extolle
1000 1554 1101 1601 illos

350 1642 510 1703 Usque
547 1644 594 1688 in
631 1648 885 1689 aeternum.

350 1758 441 1805 Per
479 1758 687 1820 singulos
726 1757 822 1805 dies
860 1756 1179 1804 benedicimus
1218 1764 1276 1813 te,

352 1845 412 1892 Et
448 1845 694 1892 laudamus
731 1858 901 1891 nomen
940 1849 1072 1890 tuum

352 1930 407 1977 In
445 1931 686 1978 saeculum
724 1937 769 1977 et
804 1933 849 1977 in
888 1930 1128 1977 saeculum
1167 1929 1355 1977 saeculi.

352 2047 575 2108 Dignare,
613 2047 812 2105 domine,
849 2047 922 2093 die
960 2049 1046 2092 isto

354 2134 462 2181 Sine
498 2140 694 2194 peceato
733 2147 818 2180 nos
857 2132 1101 2180 custodire.

354 2250 577 2297 Miserere
613 2250 772 2307 nostri,
811 2248 1008 2307 domine,

355 2337 580 2384 Miserere
622 2336 778 2382 nostri.

354 2453 462 2499 Fiat
497 2450 813 2498 misericordia
850 2456 932 2496 tua
969 2462 1107 2509 super
1144 2462 1229 2494 nos

356 2537 763 2600 Quemadmodum
802 2537 1092 2596 speravimus
1130 2536 1174 2580 in
1213 2540 1270 2581 te.

357 2654 409 2699 In
448 2659 508 2713 te,
547 2652 745 2711 domine,
782 2652 981 2712 speravi,

356 2740 460 2787 Non
501 2738 757 2788 confundar
794 2740 838 2784 in
868 2743 1120 2785 aeternum.

657 2891 1257 2932 &ffb-2
