1808 3314
817 145 1130 191 -168—

547 347 656 399 XXI.
728 347 863 400 lesus
899 346 1043 399 morti
1083 344 1405 398 adiudicatur.

377 463 575 510 Praeses
614 466 788 511 externi
826 462 1020 523 cupidus
1059 461 1230 507 favoris

377 548 570 597 Limites
608 550 718 597 dum
755 565 848 596 non
887 552 1019 595 timet
1055 548 1304 608 aequitatis

376 634 671 698 Transgredi,
711 636 837 683 eelsa
875 649 1010 682 eruee
1048 632 1388 681 sublevandum

629 723 814 770 Iudicat
849 722 957 768 hine
998 726 1059 768 te.

379 849 522 896 Cuius
560 850 621 897 ad
657 856 823 897 nutum
862 852 1037 897 eineres
1076 854 1332 910 resurgent,

375 936 602 984 Pristinas
639 952 726 984 nee
762 952 855 983 non
893 938 1072 997 speeies
1111 941 1370 993 resument,

377 1022 521 1069 Cuius
559 1029 604 1070 et
639 1025 767 1069 iussu
804 1023 919 1069 tuba
959 1023 1244 1083 personabit,

633 1109 816 1156 Nuneia
852 1108 979 1155 finis:

374 1237 561 1298 Pauper
599 1244 644 1285 et
682 1238 812 1286 dives
848 1239 1022 1300 populi,
1059 1242 1275 1299 potentes

375 1324 631 1386 PrincipeS,
667 1340 816 1387 reges,
854 1325 1066 1385 humiles,
1104 1324 1290 1384 superbi

376 1410 454 1457 Ad
490 1417 623 1458 tuum
659 1413 851 1458 stabunt
887 1411 1045 1471 pavidi
1081 1410 1297 1458 tribunal.

630 1497 936 1545 Discutiendi.

374 1626 559 1688 Quique
598 1641 680 1687 pro
720 1629 843 1674 vitae
880 1629 1053 1674 meritis
1090 1625 1351 1687 rependens

373 1713 555 1760 Cuncta
592 1728 845 1773 pravorum
882 1713 1154 1773 reprobabis
1193 1718 1313 1766 aeta,

371 1800 572 1848 Debitos
609 1802 741 1847 iustis
780 1800 912 1847 dabis
952 1806 997 1847 et
1032 1799 1249 1858 honores,

628 1887 743 1934 Fine
783 1892 1006 1934 carentes.

462 2072 592 2125 XXH.
665 2072 773 2125 lesu
813 2084 1001 2125 crucem
1037 2073 1249 2126 humeris
1288 2073 1486 2126 bajulat.

371 2189 501 2235 Dum
541 2191 791 2236 cruentatis
827 2189 1032 2235 humeris
1074 2190 1312 2236 ferendum

369 2274 501 2322 Dant
540 2277 687 2322 erucis
725 2275 902 2336 lignun]
935 2290 1093 2336 grave,
1129 2277 1479 2337 subgemiscens

370 2361 527 2422 Rapta
563 2375 657 2408 non
695 2362 779 2408 abs
818 2368 877 2420 te,
916 2361 1045 2408 velut
1081 2376 1231 2423 agnus
1267 2364 1438 2421 insons.

625 2447 820 2494 Solvere
857 2450 1026 2508 pergis.

372 2578 521 2639 Ligna
556 2578 646 2624 fers
684 2579 816 2624 iussu
852 2578 1004 2624 Patris
1041 2578 1365 2637 immolandus,

372 2664 432 2710 Et
469 2665 597 2711 subis
635 2670 842 2711 montem
879 2666 1012 2710 nimis
1051 2666 1278 2723 anxiatus,

374 2750 550 2797 Lassus
590 2755 636 2797 et
673 2765 896 2812 spargens
934 2753 1019 2797 iter
1054 2751 1294 2798 ulcerosus

628 2836 864 2899 Sanguine
902 2837 1063 2884 multo.
