1808 3314
784 158 1096 203 —154—

347 285 420 333 Ob
458 286 661 332 futuram
696 285 787 333 illie
826 288 1089 347 angustiam

343 371 513 433 Populi
547 372 729 434 plangis
767 374 1089 433 ignorantiam,

341 457 480 506 Fletu
517 473 825 520 compensans
861 459 1168 506 reverentiam

342 544 604 593 Detestaris
639 545 800 592 mundi
836 545 1072 592 laetitiam.

170 745 241 798 lx.
314 747 446 799 lesus
484 744 702 811 perfidae
750 746 909 811 plebis
948 745 1315 799 accusationem
1354 746 1525 797 tacens
1563 744 1713 797 audit.

344 892 566 938 Testibus
602 891 729 938 haud
766 891 892 938 falsis
930 893 1231 950 convinceris,

344 978 544 1025 Tributa
582 978 711 1038 quod
751 977 903 1024 danda
943 977 1227 1035 dissuaseris,

344 1066 641 1126 Paupertatis
680 1066 760 1124 qui
797 1070 960 1111 auetor
995 1065 1216 1123 nosceris,

344 1153 535 1199 Doeens
573 1165 756 1211 nempe,
796 1150 908 1211 quid
944 1151 1282 1198 observaveris.

345 1282 677 1329 Redemtorem
715 1283 856 1328 totius
897 1280 1084 1339 saecuH,

347 1370 439 1430 Qui
478 1369 561 1415 das
599 1373 748 1415 artem
784 1367 962 1414 vitandi
999 1366 1150 1424 iaculi,

346 1456 522 1502 Truces
562 1469 719 1502 eoram
755 1454 907 1501 Pilato
947 1453 1116 1502 aemuli

346 1541 653 1589 Seduetorem
690 1547 736 1588 te
777 1541 935 1589 dieunt
976 1540 1150 1601 populi.

345 1672 560 1719 Mititatis
599 1674 677 1733 qui
712 1671 910 1718 formam
949 1671 1124 1718 discere.

344 1759 415 1804 Ex
453 1764 499 1804 te
537 1773 700 1805 mones
740 1765 785 1805 et
821 1773 906 1805 nos
943 1759 1228 1815 submittere,

344 1845 474 1891 Dum
512 1844 712 1905 culparis
750 1851 794 1891 te
831 1859 990 1906 regem
1034 1844 1199 1901 faeere,

344 1932 481 1991 Fuga
517 1938 765 1987 monstras,
804 1938 848 1978 te
887 1937 1123 1991 sceptrum
1161 1943 1389 1990 spernere.

347 2061 497 2122 Quem
534 2062 740 2123 legatum
778 2061 910 2108 Deus
948 2076 976 2107 a
1011 2061 1155 2107 latere

344 2149 486 2208 Misit,
524 2151 655 2196 terris
692 2163 860 2209 paoem
897 2148 1099 2194 indicere

344 2235 406 2280 Et
442 2234 676 2295 dispersos
712 2236 759 2280 in
795 2249 941 2280 unum
979 2247 1158 2294 eogere,

343 2322 546 2370 Hostem
584 2323 713 2382 pacis
752 2320 927 2368 audent
964 2325 1184 2367 astruere.

363 2479 412 2531 X.
486 2478 621 2531 lesus
660 2477 864 2530 mittitur
901 2488 933 2529 a
969 2476 1126 2528 Pilato
1170 2478 1234 2528 ad
1273 2476 1522 2529 Herodem.

344 2595 506 2654 Putas,
542 2593 707 2653 Pilate,
743 2607 838 2640 non
876 2592 1156 2653 delinquere,

344 2682 649 2729 Innocentem
684 2687 851 2742 potens
887 2680 1146 2739 absolvero,

348 2768 440 2830 Qui
475 2768 678 2816 Iudaeos
714 2771 882 2815 timens
920 2767 1152 2815 offendere

346 2855 537 2916 Agnum
572 2856 706 2903 iubes
744 2855 805 2903 ad
840 2855 1001 2916 lupum
1039 2854 1263 2916 pergere?
