1808 3314
784 156 1095 202 —126—

513 288 615 335 Iam
653 287 761 334 diris
799 286 1079 334 eruciatibus

512 373 573 420 Et
607 375 756 421 anxiis
794 372 1030 420 doloribus

512 459 817 506 Exanimatus
854 459 1049 506 elamat:

511 546 591 593 Ah
627 549 755 594 sitio:
795 546 965 593 doloris
1003 551 1073 591 est

511 633 646 681 Haec
683 635 796 693 sitis,
836 637 881 679 et
918 632 1088 678 amoris
1126 635 1211 686 est7

514 720 647 781 Quae
684 719 846 766 mundi
880 720 1027 765 vitam
1070 721 1210 764 amat.

512 835 626 882 Mox
663 833 899 882 desolatus
934 834 1132 894 angitur,

511 921 771 981 Mortisque
808 920 935 966 lucta
969 919 1223 979 frangitur:

514 1007 552 1054 O
592 1007 690 1053 Eli!
728 1006 824 1052 Eli!
863 1005 1021 1052 Deus!

513 1094 605 1141 Cur
643 1093 922 1153 derelinquis
957 1092 1208 1148 hominem,

510 1180 764 1228 Doloribus
803 1181 1079 1236 exanimem,

513 1266 552 1314 O
590 1267 738 1327 Deus,
772 1266 906 1313 Deus
942 1264 1106 1312 meus!

509 1384 626 1429 Post
661 1382 808 1443 flagra
843 1380 1047 1438 tandem,
1085 1378 1225 1424 effera

510 1469 779 1528 Tormenta,
816 1471 969 1528 sputa,
1005 1465 1203 1512 verbera

512 1555 716 1602 Clamat:
753 1554 839 1600 Est
878 1556 1265 1600 consummatum.

513 1641 552 1689 O
590 1642 733 1689 Pater
768 1642 846 1700 mi,
885 1638 1012 1700 quod
1047 1637 1243 1699 perfero,

511 1728 651 1790 Quod
686 1729 936 1774 moriturus
974 1725 1115 1773 offero

509 1815 580 1862 Sit
615 1814 946 1861 holocaustum
981 1818 1147 1858 ratum.

509 1946 598 1993 Hie
637 1945 769 1992 dictis
806 1949 989 2005 patrem
1027 1956 1258 1999 reverens,

510 2031 586 2077 Ad
621 2034 777 2092 ipsum
814 2036 926 2077 vota
963 2030 1165 2076 referens

507 2118 585 2164 Ad
621 2123 810 2176 metam,
849 2117 975 2175 dixit,
1012 2115 1169 2162 tendo.

506 2204 585 2251 Ad
620 2203 836 2249 ultimum
873 2202 1130 2250 anhelitum

506 2291 561 2337 In
598 2305 766 2337 manus
802 2296 908 2336 tuas
945 2291 1171 2350 spiritum,

510 2377 549 2424 O
587 2378 730 2424 Pater
766 2378 843 2436 mi,
881 2375 1172 2423 commendo.

509 2493 548 2541 O
588 2492 754 2540 homo!
794 2491 914 2539 Jesu
950 2490 1143 2538 vulnera

508 2580 743 2627 Contritus
782 2578 921 2626 corde
957 2577 1179 2639 pondera,

505 2668 567 2714 Et
603 2668 743 2714 miser
778 2680 872 2713 non
909 2666 1096 2726 peribis,

507 2755 603 2802 Sed
638 2756 764 2801 vitae
802 2758 909 2814 post
944 2751 1110 2799 solatia

509 2840 759 2888 Coelorum
797 2840 858 2887 ad
893 2839 1069 2901 palatia

507 2926 767 2974 Aeternum
804 2927 913 2973 felix
948 2927 1052 2973 ibis.

597 3009 1161 3052 -Θ-θθθψψέέε-
1180 3022 1224 3039 ὓ·
1256 3030 1259 3031 ⁷
