1808 3314
778 88 1096 133 -174—

377 269 522 323 xxvi.
594 270 718 323 Deus
754 284 890 324 meus
929 270 1043 336 quid
1081 270 1383 336 dereliquisti
1420 282 1509 322 me.

340 401 477 448 Adeo
517 407 710 462 questus
745 403 887 450 Patre
924 408 970 450 te
1006 402 1233 462 relietum,

340 488 603 535 Intuebaris
640 488 778 550 mala,
816 505 936 550 quae
973 489 1137 536 suturis

339 574 591 622 Imminent
627 577 870 623 membris:
910 577 994 623 tibi
1029 589 1137 634 non,
1175 573 1258 622 sed
1295 573 1383 620 illis

596 661 938 723 Prospiciebas.

340 791 535 838 Liberos
575 797 742 853 optans
779 791 876 838 fore
912 805 997 837 nos
1035 796 1182 849 reatu,

340 878 565 938 Spiritum
600 881 789 925 iamiam
824 879 909 924 tibi
945 877 1171 923 tradituro

340 964 477 1011 Mens
515 970 627 1024 erat,
666 970 853 1012 eentum
888 966 1103 1024 posuisse
1145 964 1281 1021 titas,

597 1051 753 1112 Quam
788 1065 1051 1112 pereamus.

339 1181 495 1227 Saeva
531 1194 657 1227 mors
694 1186 870 1240 quanto
909 1181 1059 1240 magis
1096 1178 1382 1236 imminebat,

341 1266 498 1313 Crevit
533 1267 728 1314 affectus
765 1268 1089 1326 miserationis,

338 1353 407 1400 Te
444 1352 572 1400 salus
608 1359 767 1400 nostro
805 1355 963 1414 generi
998 1351 1209 1413 paranda

594 1439 703 1487 Huc
740 1440 975 1501 adigebat.

568 1611 735 1666 xxvii.
809 1612 1199 1664 consummatum
1238 1608 1333 1662 est!

339 1743 533 1803 Christe,
570 1755 654 1803 pro
692 1742 829 1789 nobis
866 1741 1039 1802 probra
1074 1740 1318 1802 pertulisti,

338 1829 500 1890 Spina,
536 1829 719 1888 livores,
757 1827 995 1888 colaphos,
1032 1827 1232 1889 flagella,

338 1918 449 1964 Iura
484 1930 571 1963 nee
608 1916 768 1961 mortis
806 1927 1006 1961 renuens
1043 1914 1213 1973 subire,

593 2000 959 2048 Examinandus.

338 2129 577 2192 Quidquid
615 2131 793 2189 antiqui
832 2130 1040 2176 cecinere
1079 2134 1227 2187 vates,

338 2215 534 2263 Constat
568 2214 835 2275 impletum:
873 2213 1112 2260 moriendo
1148 2215 1293 2259 iustos

337 2302 553 2350 Inclitam
590 2301 651 2348 ad
688 2306 859 2347 terram
896 2313 1104 2346 remeare
1143 2299 1336 2357 donans,

593 2387 737 2434 Melle
774 2386 1011 2433 fluentem.

340 2520 578 2580 Pauper-es
617 2516 733 2564 ditat
767 2522 850 2562 tua
885 2529 970 2562 nos
1009 2521 1209 2576 egestaS,

338 2605 538 2653 Nudjtas
575 2605 729 2663 vestit,
765 2602 990 2649 decorant
1025 2602 1267 2662 probrosa,

340 2692 538 2739 Diluunt
573 2690 723 2749 fletus,
758 2693 971 2737 recreant
1007 2688 1206 2747 laboreS,

595 2776 817 2824 Vivificat
853 2789 991 2822 mors.
