1808 3314
757 174 1070 220 —156ffl

323 303 477 351 Terris
513 303 832 350 formidandus
872 310 916 350 et
953 303 1120 361 inferis,

321 389 432 436 Dux
469 391 723 451 peregrinis
763 396 808 437 et
844 389 923 435 lux
960 391 1152 449 superis,

323 475 402 522 Ad
437 476 679 524 Herodem
714 490 796 523 rex
832 490 995 537 regum
1031 476 1240 533 mitteris.

323 562 412 623 Qui
449 563 674 610 sublimes
711 564 881 608 virtute
920 562 1133 609 conteris.

320 736 411 783 Per
447 741 494 783 tc
529 750 750 797 rogamus
789 735 922 781 malis
966 734 1078 795 eripi

322 823 383 869 Et
418 828 669 883 peccantes
706 822 781 869 hic
817 823 893 882 pie
931 822 1111 882 corripi,

321 910 391 956 Ne
430 909 541 956 tlum
577 911 724 956 vitam
760 923 886 955 mors
925 913 1062 970 coget
1098 907 1261 967 abripi,

321 997 643 1044 Tencbrarum
679 995 919 1043 tradamur
954 995 1171 1054 Principi.

564 1299 633 1351 Xl.
706 1298 842 1351 lesus
881 1308 1045 1350 ceram
1065 1296 1286 1348 Herode.

321 1459 419 1506 Diu
459 1463 649 1520 optatus
686 1473 809 1506 nunc
847 1472 1067 1519 praesens
1104 1459 1349 1519 sperneris.

321 1545 479 1592 Iustus
516 1544 658 1593 iudex
693 1547 878 1606 iniquus
913 1544 1093 1603 diceris,

322 1631 368 1678 A
404 1632 586 1679 factura
624 1637 805 1679 creator
839 1631 1028 1690 luderis,

321 1719 457 1766 Albis
494 1719 641 1779 Deus,
678 1723 730 1765 ut
767 1718 951 1778 stultus,
989 1720 1202 1779 cingeris.

323 1892 431 1939 Iesu
468 1894 606 1952 mitis,
642 1891 805 1938 illusus
841 1893 1023 1951 retices,

322 1978 543 2026 Illusores
584 1984 630 2025 et
669 1977 807 2025 corde
847 1978 1057 2038 duplices

320 2065 598 2125 Delusurus,
637 2080 745 2112 cum
781 2067 901 2112 iuste
940 2065 1132 2124 iudiceS,

319 2151 479 2198 Fictos
517 2151 760 2211 damnans,
799 2157 845 2198 et
882 2151 1072 2199 salvans
1110 2151 1355 2211 simplices.

181 2436 272 2489 ΧΠ.
346 2438 482 2491 lesus
521 2439 586 2490 ad
623 2437 827 2491 Pilatum
867 2437 985 2490 alba
1022 2439 1156 2489 veste
1194 2437 1352 2488 tectus
1378 2432 1650 2487 remittitur.

319 2627 477 2686 Miror,
514 2626 662 2686 Deus,
701 2640 783 2673 cur
820 2627 975 2686 sperni
1012 2627 1198 2685 pateris,

321 2713 461 2775 Quod
499 2714 559 2760 ab
601 2719 790 2760 aeterno
829 2713 1042 2760 Verbum
1081 2714 1265 2758 exseris.

321 2800 414 2846 Cur
450 2805 633 2846 tantum
669 2799 800 2847 nefas
838 2813 931 2846 non
967 2798 1218 2856 ulcisceris,

320 2886 585 2934 Sceleratos
623 2885 898 2947 demergens
936 2884 1124 2932 inferis‘.>
