1808 3314
821 161 1135 208 —100—

449 377 656 442 Hymnus
694 375 937 430 ‹lerniniea
973 375 1023 428 in
1060 374 1208 428 ramis
1245 375 1531 440 palmarum.

214 536 388 596 Gloria,
424 536 526 583 laus
565 541 611 583 et
646 536 795 583 honor
830 537 914 583 tibi
950 537 1007 582 sit
1042 550 1123 582 rex
1158 534 1355 595 Christe,
1392 534 1672 596 redemptor,

214 623 298 670 Cui
333 623 509 684 puerile
547 623 690 670 deeus
726 624 954 684 prompsit
987 622 1217 669 Hosanna
1257 623 1400 682 pium.

212 781 358 829 Israel
394 786 445 828 tu
482 796 577 841 rex,
614 780 811 828 Davidis
850 786 895 828 et
930 780 1105 842 inclyta
1141 779 1310 841 proles,

211 869 409 916 Nomine
447 871 526 928 qui
562 871 609 914 in
646 868 819 914 domini
853 882 934 914 rex
971 867 1216 914 benedicte
1253 868 1398 913 venis.

215 1029 387 1075 Coetus
424 1030 470 1073 in
510 1027 702 1074 exeelsis
739 1033 785 1073 te
822 1026 983 1073 laudat
1021 1026 1221 1073 eoelieus
1260 1028 1410 1072 omnis

213 1116 274 1161 Et
311 1114 517 1161 mortalis
556 1114 712 1173 homo,
752 1118 920 1160 euneta
958 1118 1114 1160 ereata
1151 1112 1301 1159 simul.

214 1272 356 1320 Plebs
392 1272 615 1320 Hebraea
651 1273 736 1319 tibi
774 1286 880 1319 eum
917 1271 1083 1332 palmis
1122 1271 1263 1318 obvia
1299 1272 1440 1329 venit,

217 1360 336 1407 Cum
373 1374 525 1421 prece,
562 1364 688 1419 voto,
725 1359 910 1420 hymnis
947 1358 1171 1405 adsumus
1209 1371 1318 1404 ecee
1355 1357 1452 1403 tibi.

213 1519 277 1565 Hi
313 1519 397 1565 tibi
432 1531 631 1579 passuro
671 1517 919 1564 solvebant
955 1518 1112 1563 munia
1148 1515 1314 1575 laudis,

214 1606 310 1653 Nos
348 1606 430 1652 tibi
467 1607 677 1667 regnanti
715 1607 963 1666 pangimus
1003 1618 1111 1651 eece
1149 1603 1312 1650 melos.

217 1765 280 1810 Hi
316 1764 533 1826 placuere
573 1764 669 1823 tibi,
707 1763 893 1825 placeat
930 1762 1116 1810 devotio
1154 1767 1327 1821 nostra,

216 1852 317 1899 Rex
354 1852 492 1911 bone,
528 1865 609 1898 rex
648 1850 866 1910 elemens,
905 1852 977 1897 eui
1014 1850 1140 1896 bona
1179 1854 1347 1896 cuneta
1382 1847 1581 1908 placent.

222 2010 394 2070 Gloria,
431 2009 533 2056 laus
572 2015 617 2056 et
655 2009 804 2056 honor
839 2009 923 2055 tibi
960 2010 1019 2054 sit
1054 2022 1135 2055 rex
1170 2007 1363 2067 Christe,
1401 2006 1678 2068 redemptor,

219 2096 303 2143 Cui
340 2095 516 2157 puerile
555 2095 698 2143 decus
734 2097 961 2156 prompsit
998 2094 1227 2141 Hosanna
1263 2095 1405 2154 pium.

1265 2193 1313 2239 S.
1355 2192 1707 2252 Theodulphus.

645 2520 1357 2563 443>oe—
