1808 3314
767 133 1079 178 —158-

326 264 420 312 Sed
456 266 604 325 perire
641 277 735 310 non
771 266 841 310 vis
880 264 1157 323 quempiam,

328 351 453 412 Quin
492 356 537 398 et
571 351 719 397 Verbi
754 350 843 398 fers
882 348 1224 406 contumeliam,

329 438 435 498 Quo
473 439 702 498 perversis
741 443 787 484 et
822 436 1157 497 indulgentiam

328 523 566 571 Polliceris
607 529 652 571 et
688 524 824 570 offers
861 524 1069 583 gratiam.

330 684 552 744 Princeps
589 685 718 744 pacis
756 683 925 729 sedans
964 681 1230 738 discordias,

332 770 623 831 Quocunque
660 784 827 830 pacem
863 783 1063 829 pergens
1098 768 1298 823 nuntias⁷

331 858 435 904 Deo
474 857 605 903 Patri
640 870 725 902 nos
762 855 1047 913 1·econciliaS‚

331 943 395 989 Ut
433 958 540 990 cum
576 945 676 1003 ipso
715 957 800 989 nos
838 957 983 988 unum
1026 942 1182 988 facias.

334 1103 536 1150 Pilatum
576 1108 621 1149 et
657 1101 896 1149 Herodem
932 1101 1145 1162 regulum

334 1190 627 1237 Dissidentes
665 1189 920 1236 concordas
960 1187 1243 1234 clanculum:

336 1277 430 1324 Sed
466 1279 681 1338 ignorant
718 1282 764 1321 te
800 1277 930 1335 pacis
967 1274 1173 1320 baiulum

336 1364 537 1410 Unitatis
575 1368 622 1410 et
659 1362 793 1408 dulce
831 1360 1083 1407 vinculum.

373 1567 484 1620 xiil.
558 1565 693 1618 lesus
731 1566 966 1628 tanquam
1022 1561 1190 1615 fatuus
1231 1559 1497 1613 exhibetur.

338 1730 481 1788 Dum,
518 1732 735 1774 aeternae
772 1724 874 1770 sons
913 1724 1180 1783 sapientiae,

340 1816 535 1876 Signum
575 1812 723 1859 defers
760 1816 946 1857 nostrae
983 1811 1215 1866 vesaniae,

339 1902 485 1949 Veste
522 1914 607 1946 nos
646 1898 824 1944 donans
860 1897 1152 1943 innocentiae

343 1988 564 2036 Summae
600 1986 715 2032 facis
752 1988 990 2031 consortes
1027 1982 1214 2043 gloriae.

342 2146 537 2193 Aeterni
570 2145 724 2191 Patris
761 2144 999 2204 sapientia,

344 2232 590 2294 Sapienter
627 2230 831 2290 disponis
870 2230 1047 2275 omnia:

345 2320 467 2366 Nam
505 2322 620 2378 quot
655 2316 800 2362 tulisti
836 2314 999 2361 volens
1036 2315 1196 2369 tristia,

346 2406 438 2453 Tot
476 2403 772 2451 cumulantur
806 2401 941 2448 nobis
979 2399 1162 2461 gaudia.

348 2565 514 2611 Insons
556 2561 823 2622 compulsus
860 2559 921 2606 ad
956 2560 1188 2620 praetoria

348 2652 520 2698 Nostra
558 2648 684 2696 deles
720 2650 868 2694 iustus
904 2646 1093 2707 flagitia.

349 2737 410 2784 Et
449 2736 559 2783 dun]
595 2737 818 2781 innocens
857 2732 939 2780 das
978 2731 1218 2793 supplicia,

351 2824 442 2871 Per
478 2827 524 2869 te
562 2823 650 2869 reis
686 2824 950 2881 praestatur
983 2821 1131 2865 venia.
