1808 3314
780 117 1095 164 *336—

504 242 647 289 I'ravi
682 250 858 303 pavent
896 259 924 291 a
960 248 1156 294 sinistris

506 327 662 375 Hoedi
701 330 831 376 velut
866 331 1041 378 foetidi.

503 415 589 477 Ite,
627 415 737 463 dicit
773 431 854 464 rex
892 418 952 464 ad
992 417 1194 479 dextros⁷

502 501 722 564 Regnum
762 503 877 550 coeli
916 505 1109 563 sumite,

501 588 644 636 Pater
678 591 814 637 vobis
855 590 981 651 quod
1018 594 1200 651 paravit

501 673 628 722 Ante
666 690 804 724 omne
842 678 1110 738 saeculum3

502 760 708 809 Caritate
747 765 825 823 qui
862 764 1070 812 fraterna

499 847 580 895 Me
616 850 798 896 iuvistis
835 866 1106 911 pauperem,

501 934 718 982 Caritatis
756 951 880 983 nunc
918 938 1183 985 mercedem

497 1022 754 1082 Reportate
793 1023 976 1070 divites.

496 1108 632 1155 Laeti
669 1109 844 1156 dicent:
885 1110 1074 1170 quando
1114 1109 1293 1158 Christo

494 1195 760 1256 Pauperem
797 1202 843 1243 te
883 1197 1100 1257 vidimus,

495 1281 565 1329 Te
602 1297 684 1329 rex
720 1298 890 1345 magne
928 1284 1004 1331 vel
1041 1292 1257 1346 egentem

493 1367 703 1416 Miserati
740 1370 979 1417 iuvimus‘.>

493 1456 697 1518 Magnus
736 1457 823 1504 illis
863 1458 985 1505 dicet
1020 1459 1186 1506 iudex:

493 1542 613 1589 Cum
648 1545 829 1591 iuvistis
865 1560 1097 1605 pauperes

490 1629 684 1689 Panem,
723 1630 940 1691 domum,
983 1638 1139 1680 vestes
1174 1633 1350 1685 dantes,

490 1716 570 1763 Me
609 1719 789 1765 iuvistis
827 1719 1042 1766 humiles.

488 1802 586 1850 Nec
625 1804 829 1851 tardabit
866 1812 912 1852 et
949 1807 1143 1854 sinistris

482 1889 635 1950 Loqui
672 1893 822 1938 iustus
861 1893 1051 1939 arbiter:

482 1976 537 2022 In
575 1977 821 2038 gehennae
852 1979 1089 2027 maledieti

482 2063 724 2111 Flammas
762 2065 869 2112 hine
911 2066 1155 2114 discedite:

483 2150 824 2198 Obsecrantom
862 2167 936 2200 me
975 2154 1137 2201 audire

479 2235 770 2296 Despexistis
808 2239 1089 2299 mendicum,

480 2321 619 2368 Nudo
659 2328 838 2369 vestem
876 2339 969 2370 non
1009 2325 1213 2384 dedistis,

477 2408 759 2469 Neglexistis
797 2409 1085 2472 languidum.

477 2494 759 2542 Peccatores
798 2496 976 2544 dicent:
1018 2498 1212 2558 Christe,

479 2580 681 2641 Quando
721 2588 766 2629 te
807 2583 881 2629 vel
917 2599 1188 2645 pauperem,

481 2667 548 2713 Te
587 2682 668 2715 rex
705 2684 875 2731 magne
914 2671 989 2718 vel
1026 2672 1258 2719 infirmum

478 2755 843 2803 Contemnentes
874 2758 1169 2818 sprevimus?

480 2840 663 2901 Quibus
703 2850 865 2892 eontra
901 2845 1040 2893 iudex
1078 2846 1221 2893 altus:
