1808 3314
832 174 1149 221 -166—

393 300 631 348 Candidus
668 315 755 349 nec
792 317 885 349 non
922 302 1209 350 rubicundus
1248 303 1358 350 olim

390 386 602 435 Tabidus
638 387 767 450 lepra
803 389 921 437 facie
963 389 1162 449 videtur,

389 473 519 521 Dum
556 477 826 536 superiectis
862 478 1034 537 tegitur
1070 475 1229 523 salivis

645 561 882 624 Sanguine
919 564 1087 610 mixtis.

391 717 572 780 Corpus
608 720 814 766 attritum
851 722 1045 766 nimium
1081 718 1277 780 flagellis

390 803 467 852 Sic
506 819 640 853 cruor
676 807 790 852 extit
824 820 958 853 roseo
1005 806 1172 865 colore,

389 891 586 938 Vulneri
604 891 774 943 ‘nullus
810 892 941 939 locus
975 891 1214 939 inferendo

647 977 711 1026 Ut
746 984 1022 1026 remaneret.

388 1136 581 1185 Lividos
617 1142 745 1185 artus
781 1136 922 1183 rubra
959 1138 1102 1183 vestis
1139 1135 1300 1195 ambit,

390 1224 483 1285 Qui
517 1225 712 1271 rubrum
749 1223 924 1270 stillant
958 1222 1288 1282 medicumque
1324 1234 1499 1269 rorem:

388 1310 512 1358 Hinc
549 1316 709 1358 manet
743 1324 826 1370 per
863 1314 909 1356 te
949 1308 1144 1370 duplicis
1181 1309 1352 1355 renatis

646 1396 810 1444 Gloria
844 1395 1006 1443 stolae.

346 1611 433 1664 XX.
507 1610 677 1663 Iudaei
716 1610 873 1664 lesum
911 1623 1047 1663 reum
1085 1610 1257 1663 mortis
1294 1610 1616 1665 conclamant.

382 1770 481 1817 Bos
518 1769 683 1816 herum
720 1772 870 1817 noscit
906 1772 1097 1817 rationis
1137 1784 1302 1831 expers

380 1855 555 1904 Sedulo
592 1858 830 1917 impensas
866 1857 1096 1904 redimens
1133 1857 1329 1904 labore:

380 1942 450 1989 Te
486 1957 624 1990 suum
663 1945 845 2003 quaerit
881 1943 1109 1991 scelerata
1144 1943 1300 2005 proles

636 2029 840 2077 Perdere
879 2036 1076 2091 patrem.

377 2188 477 2234 Nec
516 2194 621 2235 tuas
658 2189 705 2233 in
742 2203 792 2235 se
829 2189 1039 2236 recolens
1076 2195 1284 2250 patratas

376 2274 537 2320 Turba
574 2276 785 2333 virtutes,
822 2274 1087 2321 malesuasa
1113 2290 1316 2335 namque

380 2357 576 2422 „Tolle“
619 2360 898 2420 clamabant,
940 2359 1256 2423 „Crucifige“,
1293 2376 1379 2409 nec
1415 2375 1508 2409 non

628 2447 982 2508 Ingeminando.

371 2604 471 2652 Nec
508 2605 620 2651 satis
659 2603 805 2651 credit
839 2605 936 2652 fore
975 2605 1102 2665 quod
1138 2605 1334 2667 flagellis

373 2691 552 2752 Corpus
592 2691 848 2751 effractum,
885 2691 1080 2738 fluidum
1119 2707 1296 2752 cruore,

371 2778 544 2839 Spinea
581 2792 795 2839 pressum
834 2783 976 2838 caput
1013 2783 1058 2826 et
1096 2792 1282 2838 corona,

628 2863 963 2926 Conspiciatur.
