1808 3314
778 205 845 211 -.,
888 178 986 225 ⁹38
1028 206 1095 213 .-

507 305 797 354 Mendieanti
835 307 1042 367 quandiu

509 392 661 454 Opem
696 394 812 440 ferre
853 393 1142 454 despexistis,

505 478 586 526 Me
623 481 861 540 sprevistis
897 481 1109 540 improbi.

506 565 650 613 Retro
689 572 824 612 ruent
859 572 960 612 tum
996 567 1155 613 iniusti

504 651 644 713 Ignes
681 654 729 698 in
770 659 1036 713 perpetuos,

503 738 689 786 Vermis
727 754 927 799 quorum
964 754 1058 787 non
1094 742 1328 798 morietur,

505 825 720 872 Flamma
757 840 843 872 nee
882 828 1195 887 restinguitur,

501 911 649 958 Satan
686 918 787 958 atro
827 928 932 959 eum
970 915 1190 960 ministris

502 998 608 1058 Quo
647 1004 832 1045 tenetur
872 1013 1070 1059 earcere,

499 1084 661 1131 Fletus
701 1086 780 1132 ubi
818 1087 1131 1147 mugitusque,

499 1171 705 1219 Strident
742 1187 903 1219 ornnes
942 1173 1172 1220 dentibus.

500 1258 634 1305 Tune
671 1258 832 1306 fideles
869 1259 929 1306 ad
967 1258 1217 1307 coelestem

499 1345 812 1393 Sustollentur
848 1348 1060 1407 patriam,

498 1430 678 1478 Choros
715 1434 833 1479 inter
871 1433 1141 1493 angelorum

496 1517 648 1579 Regni
686 1525 846 1578 petent
882 1520 1068 1580 gaudia,

496 1604 635 1651 Urbis
673 1620 884 1652 summae
921 1606 1187 1655 Hirusalem

496 1692 766 1738 Introibunt
802 1693 1015 1753 gloriam,

496 1779 624 1825 Vera
659 1779 775 1826 lucis
811 1786 952 1839 atque
989 1783 1117 1841 pacis

496 1865 551 1910 In
590 1880 683 1925 qua
719 1866 865 1927 fulget
900 1869 1031 1914 visio.

499 1951 734 1998 Christum
772 1967 931 2014 regem
970 1956 1062 2000 iam
1100 1962 1296 2015 paterna

503 2036 726 2085 Claritate
766 2039 1075 2100 splendidum,

498 2123 589 2170 Ubi
630 2125 754 2172 celsa
791 2126 1037 2174 beatorum

498 2209 884 2271 Contemplantur
921 2216 1121 2274 agmina.

498 2296 611 2342 Ydri
647 2298 834 2345 fraudes
873 2314 981 2360 ergo
1021 2316 1148 2359 eave,

495 2383 792 2431 Infirmantes
829 2386 1044 2446 subleva,

493 2469 677 2517 Aurum
714 2476 881 2531 temne,
918 2472 1026 2533 suge
1064 2473 1214 2520 luxus.

492 2555 544 2603 Si
581 2558 651 2603 vis
690 2563 816 2603 astra
852 2565 1025 2618 petere.

490 2642 623 2689 Zona
661 2643 787 2691 clara
826 2647 1051 2693 eastitatis

488 2728 700 2777 Lumbos
738 2746 860 2778 nune
897 2736 1211 2795 praecingere.

487 2815 542 2861 In
581 2830 826 2865 occursum
864 2821 1020 2879 magni
1058 2822 1180 2882 regis

485 2902 577 2949 Fer
612 2903 827 2951 ardentes
866 2905 1122 2966 lampades.

744 2987 1030 3028 -QQOE
1041 3006 1081 3012 -
