1808 3314
794 136 1103 180 —312-

589 347 638 398 Ιιι
688 348 905 412 exequiis
945 347 1301 402 defunctorum.

425 507 528 554 Iam
567 514 747 554 moesta
787 510 972 568 quiesce
1012 509 1216 568 querela,

426 592 683 654 Laerymas
722 595 990 654 suspendite
1028 602 1226 654 matres3

426 678 592 725 Nullus
631 693 717 726 sua
753 682 949 741 pignora
986 680 1192 741 plangat,

426 764 554 811 Mors
592 764 711 813 haee
750 768 980 827 reparatio
1021 769 1144 813 vitae
1183 774 1266 814 est.

431 922 555 983 Quid
594 937 703 969 nam
742 925 829 970 sibi
869 939 983 971 saxa
1022 931 1202 983 cavata,

431 1008 557 1069 Quid
593 1009 789 1070 pulchra
827 1011 991 1057 volunt
1028 1016 1344 1069 monumenta,

421 1096 517 1142 Res
557 1096 685 1154 quod
722 1099 810 1143 nisi
850 1097 1051 1144 ereditur
1086 1097 1176 1143 illis

421 1181 525 1228 Non
563 1189 761 1243 mortua,
800 1183 882 1230 sed
922 1183 1032 1231 data
1070 1198 1249 1230 somno.

419 1339 541 1385 Nam
581 1340 707 1400 quod
747 1343 1036 1400 requiescere
1076 1356 1244 1402 eorpus

419 1425 641 1472 Vaeuum
682 1427 780 1472 sine
821 1432 975 1474 mente
1015 1428 1242 1487 videmus,

419 1511 632 1572 Spatium
670 1513 813 1559 breve
851 1501 995 1560 restat
1032 1520 1084 1560 ut
1121 1514 1199 1560 alti

418 1599 621 1659 Repetat
659 1598 856 1660 collegia
893 1614 1071 1646 sensus.

417 1757 619 1803 Venient
658 1758 747 1804 cito
785 1758 989 1818 saecula,
1028 1774 1133 1806 euni
1172 1762 1263 1806 iam

415 1841 581 1890 Soeius
621 1844 747 1890 ealor
786 1859 894 1891 ossa
931 1848 1117 1905 revisat,

414 1928 730 1991 Animataque
768 1933 994 1993 sanguine
1036 1934 1144 1979 vivo

417 2015 697 2065 Habitaeula
736 2020 931 2078 pristina
966 2026 1131 2080 gestet.

414 2159 546 2219 Quae
584 2162 716 2221 pigra
756 2161 988 2209 cadavera
1024 2163 1203 2223 pridem

411 2244 622 2292 Tumulis
660 2247 921 2306 putrefacta
955 2250 1184 2309 iacebant,
1250 2295 1253 2298 Δ

410 2331 639 2378 Volueres
677 2334 914 2393 rapientur
949 2335 994 2379 in
1032 2349 1170 2382 auras

409 2417 605 2465 Animas
644 2420 864 2465 comitata
900 2421 1089 2480 priores.

407 2562 484 2609 Sic
522 2563 700 2609 semina
738 2564 863 2610 sicea
900 2564 1135 2610 virescunt

406 2648 508 2694 Iam
544 2654 741 2709 mortua,
777 2650 964 2710 iamque
1002 2650 1199 2711 sepulta,

406 2734 539 2794 Quae
568 2734 749 2782 reddita
788 2738 960 2795 cespite
998 2737 1057 2783 ab
1097 2739 1189 2784 imo

404 2820 600 2867 Veteres
637 2821 920 2870 meditantur
957 2825 1136 2871 aristas,
