1808 3314
776 93 1092 140 —170—

335 222 556 270 Sarcinae
593 224 717 271 vires
753 229 976 284 superant
1015 229 1203 271 ruentes

335 308 485 356 Fasee
523 310 609 357 sub
649 315 793 370 tanto,
831 313 943 357 satis
981 311 1088 357 hine
1125 312 1335 371 patescit,

338 394 493 456 Quam
529 411 702 444 nocens
741 398 850 445 olim
886 400 1036 457 suerit,
1071 402 1293 459 negatum

590 483 819 531 Mandere
854 484 1070 530 fructum.

334 628 534 688 Spiritus
570 634 795 690 prothS,
834 643 942 676 earo
981 628 1064 676 sed
1100 629 1345 690 fatiscens,

336 714 517 762 Caritas
555 717 666 762 dum
703 716 804 762 vult
840 718 1043 763 animam
1079 716 1252 775 levare,

334 802 484 850 Lassa
520 804 779 850 subsistens
816 803 978 850 recidit
1015 804 1075 850 ab
1112 805 1213 863 ipso

590 889 805 937 Pondere
842 889 966 951 ligni.

431 1150 581 1203 XXlll.
655 1150 719 1202 De
756 1149 916 1202 verbis
954 1149 1139 1202 Domini
1177 1149 1227 1202 in
1265 1161 1424 1205 cruce.

336 1313 552 1372 Corporis
589 1316 723 1358 tensa
762 1310 939 1357 cithara
977 1312 1133 1356 suavis

332 1399 409 1444 Fit
444 1412 585 1444 sonus
623 1397 774 1443 Patr1s
812 1397 1060 1443 moderans
1096 1397 1319 1456 furorem,

333 1484 534 1545 Quando
572 1497 657 1544 pro
695 1485 848 1529 saevis
884 1485 989 1543 pius
1025 1483 1286 1530 advocatus

588 1569 819 1616 Hostibus
857 1582 976 1615 oras.

334 1717 457 1779 Quid
492 1718 579 1777 piis
615 1713 809 1761 tandem
844 1713 1062 1773 precibus
1099 1713 1331 1773 negabis?

334 1805 546 1853 Gratiam
581 1803 729 1861 iustis,
765 1802 954 1847 veniam
992 1800 1200 1847 scelestis

330 1890 542 1953 Spondet
576 1892 815 1949 impensus
851 1887 983 1933 favor
1021 1885 1305 1944 execrandis,

591 1976 721 2037 Quos
758 1975 1004 2021 miseraris.

333 2123 457 2172 Abel
494 2121 636 2168 000131
673 2132 807 2166 eruor
842 2117 1067 2164 ultionem

334 2211 549 2273 Quaerit:
586 2207 695 2252 hine
732 2205 873 2250 frater
908 2203 1134 2249 tremulus
1173 2218 1417 2264 vagusque

334 2298 526 2359 Cogitur
561 2297 722 2340 vastas
758 2303 1008 2350 peragrare
1045 2295 1205 2348 terras,

587 2378 758 2437 Sicque
794 2377 957 2435 perire.

331 2529 442 2574 Fert
476 2531 577 2572 tum
612 2520 790 2569 Paulus
826 2519 992 2566 melius
1028 2519 1311 2578 loquentem,

328 2614 508 2673 Nempe
546 2609 673 2671 quod
708 2608 860 2668 poscit
896 2607 1082 2652 veniam
1119 2603 1341 2663 scelestis,

333 2700 599 2761 Congregat
633 2707 834 2755 sparsos,
872 2693 1047 2738 animat
1083 2696 1331 2748 mutantes,

584 2782 647 2828 Et
680 2779 821 2827 trahit
856 2777 916 2825 ad
954 2791 1017 2824 se.
