1808 3314
735 190 1055 236 -342—

477 316 759 379 Recordare,
795 319 906 366 Iesu
941 320 1042 380 pie!

478 403 619 464 Quod
656 419 759 451 sum
797 419 941 452 eausa
977 411 1085 452 tuae
1126 408 1250 452 viae:

474 489 546 537 Ne
584 504 658 536 me
695 491 865 551 perdas
901 491 980 539 illa
1018 492 1112 539 die!

477 604 718 665 Quaerens
755 620 829 653 me
867 606 1026 653 sedisti
1061 607 1227 666 lassus,

475 691 747 751 Redemisti,
785 707 971 740 erucem
1006 708 1195 754 passus:

475 778 656 824 Tantus
693 778 826 826 labor
862 794 955 826 non
994 782 1053 826 sit
1091 781 1277 828 cassus!

474 893 632 941 Iustae
670 894 810 941 iudex
846 895 1047 955 ultionis,

472 981 665 1027 Donum
702 981 775 1028 fae
813 984 1096 1029 remissionis

472 1066 598 1114 Ante
639 1067 761 1114 diem
807 1070 1011 1114 rationis.

471 1182 734 1243 Ingemiseo
774 1189 996 1244 tanquam
1034 1198 1153 1243 reus,

473 1269 625 1330 Culpa
662 1270 800 1316 rubet
836 1271 992 1316 vultus
1031 1285 1183 1318 meus:

469 1356 761 1416 Supplieanti
796 1371 936 1417 parce
972 1357 1130 1404 Deus!

470 1470 561 1531 Qui
599 1471 799 1518 Mariam
837 1472 1095 1532 absolvisti,

469 1558 560 1619 Qui
598 1558 825 1605 latronem
863 1559 1106 1618 exaudisti,

466 1644 583 1690 Mihi
622 1660 810 1706 quoque
848 1661 980 1707 spem
1019 1646 1198 1693 dedisti.

465 1762 638 1808 Preces
676 1776 810 1809 meae
847 1777 941 1809 non
990 1771 1097 1809 sunt
1145 1763 1326 1825 dignae,

465 1848 559 1895 Sed
597 1855 661 1908 tn,
701 1849 836 1908 bone,
873 1850 946 1897 fae
984 1851 1198 1912 benigne,

462 1935 532 1982 Ne
570 1938 761 1996 perenni
801 1951 977 1983 cremer
1013 1939 1134 1998 igne.

462 2051 590 2098 Inter
627 2066 740 2099 oves
778 2052 933 2099 1001111]
970 2062 1172 2114 praesta,

462 2138 522 2183 Et
559 2139 618 2184 ab
659 2139 820 2186 hoedis
857 2155 931 2186 me
970 2147 1223 2200 sequestra,

462 2224 682 2271 Statuens
720 2228 765 2271 in
804 2235 935 2286 parte
961 2226 1136 2273 dextra.

462 2340 723 2387 Confutatis
761 2341 1033 2399 maledictis,

460 2426 683 2473 Flammis
722 2428 907 2474 aeribus
946 2426 1158 2486 addietis,

460 2513 595 2559 Voea
633 2527 707 2560 me
748 2528 853 2560 eum
891 2512 1163 2560 benedictis.

462 2626 556 2674 Oro
597 2628 793 2689 supplex
835 2636 879 2675 et
917 2629 1108 2676 acclinis

461 2714 551 2760 Cor
591 2717 839 2761 contritum
879 2719 1011 2776 quasi
1051 2719 1192 2764 einis:

461 2802 583 2846 Gere
623 2815 781 2847 euram
820 2804 911 2849 mei
949 2802 1066 2849 finis.

1150 2890 1219 2936 Th
1230 2904 1364 2936 omas
1403 2892 1458 2937 de
1489 2891 1679 2938 Gelono.

750 2956 1042 2996 &se-&effi
